

% Article example
@article{PhysRevLett.103.240503,
  title = {Entanglement Percolation in Quantum Complex Networks},
  author = {Cuquet, Mart\'{\i} and Calsamiglia, John},
  journal = {Phys. Rev. Lett.},
  volume = {103},
  issue = {24},
  pages = {240503},
  numpages = {4},
  year = {2009},
  month = {Dec},
  publisher = {American Physical Society},
  doi = {10.1103/PhysRevLett.103.240503},
  url = {https://link.aps.org/doi/10.1103/PhysRevLett.103.240503}
}

@article{Acin2007,
  author       = {Ac{\'\i}n, Antonio and Cirac, J. Ignacio and Lewenstein, Maciej},
  title        = {Entanglement percolation in quantum networks},
  journal      = {Nature Physics},
  volume       = {3},
  number       = {4},
  pages        = {256--259},
  year         = {2007},
  doi          = {10.1038/nphys549},

% Web link example
@misc{geonames,
	author = {},
	title = {Geonames - All Cities with a population > 1000},
	howpublished = {\url{https://public.opendatasoft.com/explore/dataset/geonames-all-cities-with-a-population-1000/export/?flg=en-us&utm_source=chatgpt.com&disjunctive.cou_name_en&sort=name}},
	year = {},
	note = {[Accessed sep-2025]},
}
